@article{TDgammon,
	title = {Temporal Difference Learning and TD-Gammon},
	author = {Gerald Tesauro},
	journal = {Communications of the ACM},
	year = {1995},
	volume = {38},
	number = {3},
	url = {https://bkgm.com/articles/tesauro/tdl.html}
}

@misc{atari,
      title={Playing Atari with Deep Reinforcement Learning}, 
      author={Volodymyr Mnih and Koray Kavukcuoglu and David Silver and Alex Graves and Ioannis Antonoglou and Daan Wierstra and Martin Riedmiller},
      year={2013},
      eprint={1312.5602},
      archivePrefix={arXiv},
      primaryClass={cs.LG}
}

@article{binomial,
	title={Binomial Ideals},
	author={David Eisenbud and Bernd Sturmfels},
	journal={Duke Mathematical Journal},
	volume={84},
	number={1},
	year={1996}	
}

@misc{frobenius,
      title={Maximal lattice free bodies, test sets and the Frobenius problem}, 
      author={Anders Jensen and Niels Lauritzen and Bjarke Roune},
      year={2007},
      eprint={0705.4439},
      archivePrefix={arXiv},
      primaryClass={math.CO}
}

@misc{ReinforcementLearning.jl,
  author       = {Jun Tian and other contributors},
  title        = {ReinforcementLearning.jl: A Reinforcement Learning Package for the Julia Programming Language},
  year         = 2020,
  url          = {https://github.com/JuliaReinforcementLearning/ReinforcementLearning.jl}
}

@article{Flux.jl,
  author    = {Michael Innes and
               Elliot Saba and
               Keno Fischer and
               Dhairya Gandhi and
               Marco Concetto Rudilosso and
               Neethu Mariya Joy and
               Tejan Karmali and
               Avik Pal and
               Viral Shah},
  title     = {Fashionable Modelling with Flux},
  journal   = {CoRR},
  volume    = {abs/1811.01457},
  year      = {2018},
  url       = {https://arxiv.org/abs/1811.01457},
  archivePrefix = {arXiv},
  eprint    = {1811.01457},
  timestamp = {Thu, 22 Nov 2018 17:58:30 +0100},
  biburl    = {https://dblp.org/rec/bib/journals/corr/abs-1811-01457},
  bibsource = {dblp computer science bibliography, https://dblp.org}
}

@misc{julia,
      title={Julia: A Fast Dynamic Language for Technical Computing}, 
      author={Jeff Bezanson and Stefan Karpinski and Viral B. Shah and Alan Edelman},
      year={2012},
      eprint={1209.5145},
      archivePrefix={arXiv},
      primaryClass={cs.PL}
}

@misc{autoencoder,
      title={Unsupervised Learning of Sequence Representations by Autoencoders}, 
      author={Wenjie Pei and David M. J. Tax},
      year={2018},
      eprint={1804.00946},
      archivePrefix={arXiv},
      primaryClass={cs.CV}
}

@article{LSTM,
	author = {Hochreiter, Sepp and Schmidhuber, Jürgen},
	year = {1997},
	month = {12},
	pages = {1735-80},
	title = {Long Short-term Memory},
	volume = {9},
	journal = {Neural computation},
	doi = {10.1162/neco.1997.9.8.1735}
}

@misc{RLgraphs,
      title={Constructions in combinatorics via neural networks}, 
      author={Adam Zsolt Wagner},
      year={2021},
      eprint={2104.14516},
      archivePrefix={arXiv},
      primaryClass={math.CO}
}

@article{GM,
	title = {On an installation of Buchberger's algorithm},
	journal = {Journal of Symbolic Computation},
	volume = {6},
	number = {2},
	pages = {275-286},
	year = {1988},
	issn = {0747-7171},
	doi = {https://doi.org/10.1016/S0747-7171(88)80048-8},
	url = {https://www.sciencedirect.com/science/article/pii/S0747717188800488},
	author = {Rüdiger Gebauer and H. Michael Möller},
}

@inproceedings{sugar,
	author = {Giovini, Alessandro and Mora, Teo and Niesi, Gianfranco and Robbiano, Lorenzo and Traverso, Carlo},
	year = {1991},
	month = {01},
	pages = {49-54},
	title = {``One Sugar cube, Please'' or Selection Strategies in the Buchberger Algorithm.},
	doi = {10.1145/120694.120701}
}

@article{lattice,
      author="Niels Lauritzen",
	  title="Homogeneous Buchberger algorithms and Sullivant’scomputational commutative algebra challenge",
	  url="https://arxiv.org/pdf/math/0508287.pdf",
	  month="9",
	  year="2018"
}

@book{IVA,
      title={Idels, Varieties, and Alogirithms, 3rd ed.},
      author={David A. Cox and John Little and Donal O'Shea},
      year={1998}
}

@book{NL,
       title={Concrete Abstract Algebra},
       author={Niels Lauritzen},
       year={2003}
}

@misc{GAE,
      title={High-Dimensional Continuous Control Using Generalized Advantage Estimation}, 
      author={John Schulman and Philipp Moritz and Sergey Levine and Michael Jordan and Pieter Abbeel},
      year={2018},
      eprint={1506.02438},
      archivePrefix={arXiv},
      primaryClass={cs.LG}
}

@article{cjch,
    author = "C. Watkins and P. Dyan",
	url = "https://www.gatsby.ucl.ac.uk/~dayan/papers/cjch.pdf",
	year = "1992"
}
@misc{peifer,
      title={Learning selection strategies in Buchberger's algorithm},
      author={Dylan Peifer and Michael Stillman and Daniel Halpern-Leistner},
      year={2020},
      eprint={2005.01917},
      archivePrefix={arXiv},
      primaryClass={cs.LG}
}

@article{breuer1966,
    author = "Melvin A. Breuer",
    title = "Coding the Vertices of a Graph",
    journaltitle = "IEEE Transactions on Information Theory",
    month = "4",
    number = "2",
    volume = "IT-12",
    year = "1966"
}

@article{breuer1967,
    author = "Melvin A. Breuer and Jon Folkman",
    title = "An Unexpected Result in Coding the Vertices of a Graph",
    journaltitle = "Journal of Mathematical Analysis and Applications",
    volume = "20",
    year = "1967"
}

@article{peleg2005,
	author = "David Peleg",
	title = "Informative labeling schemes for graphs",
	journaltitle = "Theoretical Computer Science",
	year = "2005",
	month = "8",
	volume = "340",
	number = "3",
	doi = " 10.1016/j.tcs.2005.03.015",
	pages = "577--593",
}

@inproceedings{bonamy2020,
	author = "Marthe Bonamy and Cyril Gavoille and Micha\l{} Pilipczuk",
	editor = "Shuchi Chawla",
	title = "Shorter Labeling Schemes for Planar Graphs",
	%booktitle = "Proceedings of the 2020 ACM-SIAM Symposium on Discrete Algorithms",
	eventtitle = "2020 Symposium on Discrete Algorithms",
	year = 2020,
	doi = "10.1137/1.9781611975994.27",
	publisher = "ACM-SIAM",
	pagetotal = "17"
}

@article{alstrup2017,
	author = "Stephen Alstrup and Søren Dahlgaard and Mathias Bæk Tejs Knudsen",
	title = "Optimal Induced Universal Graphs and Adjacency Labeling for Trees",
	journaltitle = "Journal of the ACM",
	month = "8",
	number = "4",
	volume = "64",
	year = "2017",
	doi = "10.1145/3088513"
}

@inproceedings{bonichon2006,
	author = "Nicolas Bonichon and Cyril Gavoille and Arnaud Labourel",
	editor = "Paola Flocchini and Leszek Gasieniec",
	title = "Short Labels by Traversal and Jumping",
	booktitle = "Structural Information and Communication Complexity",
	eventtitle = "13th International Colloquium. SIROCCO 2006",
	year = 2006,
	series = "Lecture Notes in Computer Science",
	volume = "4056",
	doi = "10.1007/11780823_12",
	isbn = "978-3-540-35475-8",
	publisher = "Springer, Berlin, Heidelberg",
	pages = "143--156",
	pagetotal = "14"
}

@article{butler2009,
	author = "Steve Butler",
	title = "Induced-universal graphs for graphs with bounded maximum degree",
	journaltitle = "Graphs and Combinatorics",
	volume = "25",
	year = "2009",
	pages = "461--468",
	doi = "10.1007/s00373-009-0860-x"
}

@article{esperet2008,
	author = "Louis Esperet and Arnaud Labourel and Pascal Ochem",
	title = "On induced-universal graphs for the class of bounded-degree graphs",
	journaltitle = "Information Processing Letters",
	volume = "108",
	year = "2008",
	pages = "255--260",
	doi = "10.1016/j.ipl.2008.04.020"
}

@online{abrahamsen2016,
	author = "Mikkel Abrahamsen and Stephen Alstrup and Jacob Holm and Mathias Bæk Tejs Knudsen and Morten Stöckel",
	title = "Near-optimal induced universal graphs for cycles and paths",
    year = "2016",
    eprinttype = "arxiv",
    eprint = "1607.04911v2"
}

@article{chung1990,
	author = "Fan R. K. Chung",
	title = "Universal graphs and induced-universal graphs",
	journaltitle = "Journal of Graph Theory",
	volume = "14",
	year = "1990",
	pages = "443--454",
	doi = "10.1002/jgt.3190140408"
}

@inproceedings{fraigniaud2010,
	author = "Pierre Fraigniaud and Amos Korman",
	editor = "Moses Charikar",
	title = "Compact Ancestry Labeling Schemes for XML Trees",
	eventtitle = "2010 Symposium on Discrete Algorithms",
	year = 2010,
	doi = "10.1137/1.9781611973075.38",
	publisher = "ACM-SIAM",
	pages = "458--466"
}

@inproceedings{fraigniaud2010b,
	author = "Pierre Fraigniaud and Amos Korman",
	title = "An optimal ancestry scheme and small universal posets",
	eventtitle = "42nd Annual ACM Symposium on Theory of Computing (STOC)",
	year = 2010,
	doi = "10.1145/1806689.1806773",
	publisher = "ACM Press",
	pages = "611--620"
}

@inproceedings{adjiashvili2014,
	author = "David Adjiashvili and Noy Rotbart",
	editor = "Javier Esparza and Pierre Fraigniaud and Thore Husfeldt and Elias Koutsoupias",
	title = "Labeling Schemes for Bounded Degree Graphs",
	booktitle = "Automata, Languages, and Programming",
	eventtitle = "41st International Colloquium on Automata, Languages, and Programming",
	year = "2014",
	doi = " 10.1007/978-3-662-43951-7_32",
	publisher = "Springer",
	pages = "375--386"
}

@inproceedings{gavoille2007,
	author = "Cyril Gavoille and Arnaud Labourel",
	editor = "Lars Arge and Michael Hoffmann and Emo Welzl",
	title = "Shorter Implicit Representation for Planar Graphs and Bounded Treewidth Graphs",
	booktitle = "Algorithms -- ESA 2007",
	eventtitle = "15th Annual European Symposium on Algorithms",
	year = "2007",
	doi = "10.1007/978-3-540-75520-3_52",
	publisher = "Springer",
	pages = "582--593"
}

@book{clrs,
	author = "Thomas H. Cormen and Charles E. Leiserson and Ronald L. Rivest and Clifford Stein",
	title = "Introduction to Algorithms",
	year = "2009",
	isbn = " 978-0-262-53305-8",
	publisher = "The MIT Press",
	pagetotal = "1292",
	edition = "3"
}

@book{west,
	author = "Douglas B. West",
	title = "Introduction to Graph Theory",
	year = "2001",
	isbn = "81-7808-830-4",
	publisher = "Pearson Education, Inc.",
	pagetotal = "588",
	edition = "2"
}

@book{fejersimovici,
	author = "Peter A. Fejer and Dan A. Simovici",
	title = "Mathematical Foundations of Computer Science",
	subtitle = "Volume I: Sets, Relations, and Induction",
	year = "1991",
	isbn = "978-1-4612-7792-7",
	doi = "10.1007/978-1-4612-3086-1",
	publisher = "Springer-Verlag New York Inc.",
	pagetotal = "425",
	edition = "1"
}

@article{alstrup2004,
	author = "Stephen Alstrup and Cyril Gavoille and Haim Kaplan and Theis Rauhe",
	title = "Nearest common ancestors: A survey and a new algorithm for a distributed environment",
	journaltitle = "Theory of Computing Systems",
	volume = "37",
	year = "2004",
	doi = "10.1007/s00224-004-1155-5",
	pages = "441--456"
}

@inproceedings{alstrup2014,
	author = "Stephen Alstrup and Esben Bistrup Halvorsen and Kasper Green Larsen",
	editor = "Chandra Chekuri",
	title = "Near-optimal labeling schemes for nearest common ancestors",
	eventtitle = "25th Symposium on Discrete Algorithms (SODA)",
	year = "2014",
	doi = "10.1137/1.9781611973402.72",
	isbn = "978-1-61197-338-9",
	publisher = "AMC-SIAM",
	pages = "972--982"
}

@inproceedings{gawrychowski2018,
	author = "Pawe\l{} Gawrychowski and Fabian Kuhn and Jakub \L{}opuszański and Konstantinos Panagiotou and Pascal Su",
	editor = "Artur Czumaj",
	title = "Labeling Schemes for Nearest Common Ancestors through Minor-Universal Trees",
	eventtitle = "29th Symposium on Discrete Algorithms (SODA)",
	month = "1",
	year = "2018",
	doi = "10.1137/1.9781611975031.166",
	publisher = "AMC-SIAM",
	pages = "2604--2619"
}

@inproceedings{kosowski2019,
	author = "Adrian Kosowski and Przemysław Uznański and Laurent Viennot",
	title = "Hardness of Exact Distance Queries in Sparse Graphs Through Hub Labeling",
	eventtitle = "38th Annual ACM Symposium on Principles of Distributed Computing (PODC)",
	month = "7",
	year = "2019",
	doi = "10.1145/3293611.3331625",
	publisher = "AMC Press",
	pages = "272--279"
}

@article{katz2004,
	author = "Michal Katz and Nir A. Katz and Amos Korman and David Peleg",
	title = "Labeling Schemes for Flow and Connectivity",
	journaltitle = "SIAM Journal on Computing",
	volume = "34",
	year = "2004",
	doi = "10.1137/S0097539703433912",
	pages = "23--40"
}

@article{gavoille2003,
	author = "Cyril Gavoille and David Peleg",
	title = "Compact and localized distributed data structures",
	journaltitle = "Distributed Computing",
	volume = "16",
	year = "2003",
	doi = " 10.1007/s00446-002-0073-5",
	pages = "111-120"
}
